@article{AghajanyanSGGZG2020,
  author        = {Armen Aghajanyan and Akshat Shrivastava and Anchit Gupta and Naman Goyal and Luke Zettlemoyer and Sonal Gupta},
  title         = {Better Fine-Tuning by Reducing Representational Collapse},
  journal       = {CoRR},
  volume        = {abs/2008.03156},
  year          = {2020},
  archiveprefix = {arXiv},
  eprint        = {2008.03156}
}
@article{BezansonEKS2017,
  author  = {Jeff Bezanson and Alan Edelman and Stefan Karpinski and Viral B. Shah},
  title   = {Julia: {A} Fresh Approach to Numerical Computing},
  journal = {{SIAM} Rev.},
  volume  = {59},
  number  = {1},
  pages   = {65--98},
  year    = {2017},
  doi     = {10.1137/141000671}
}
@inproceedings{CelikyilmazBHC2018,
  author          = {Asli Celikyilmaz and Antoine Bosselut and Xiaodong He and Yejin Choi},
  editor          = {Marilyn A. Walker and Heng Ji and Amanda Stent},
  title           = {Deep Communicating Agents for Abstractive Summarization},
  eventtitle      = {2018 Conference of the North American Chapter of the Association for Computational Linguistics: Human Language Technologies},
  eventtitleaddon = {{NAACL-HLT} 2018},
  eventdate       = {2018-06-01/2018-06-06},
  venue           = {New Orleans, Louisiana, United States},
  volume          = {1},
  pages           = {1662--1675},
  publisher       = {Association for Computational Linguistics},
  year            = {2018},
  doi             = {10.18653/v1/n18-1150}
}
@inproceedings{DevlinCLT2019,
  author          = {Jacob Devlin and Ming-Wei Chang and Kenton Lee and Kristina Toutanova},
  editor          = {Jill Burstein and Christy Doran and Thamar Solorio},
  title           = {{BERT}: Pre-training of Deep Bidirectional Transformers for Language Understanding},
  eventtitle      = {2019 Conference of the North American Chapter of the Association for Computational Linguistics: Human Language Technologies},
  eventtitleaddon = {{NAACL-HLT} 2019},
  eventdate       = {2019-06-02/2019-06-07},
  venue           = {Minneapolis, Minnesota, United States},
  volume          = {1},
  pages           = {4171--4186},
  publisher       = {Association for Computational Linguistics},
  year            = {2019},
  doi             = {10.18653/v1/n19-1423}
}
@inproceedings{EdunovBA2019,
  author          = {Sergey Edunov and Alexei Baevski and Michael Auli},
  editor          = {Jill Burstein and Christy Doran and Thamar Solorio},
  title           = {Pre-trained language model representations for language generation},
  eventtitle      = {2019 Conference of the North American Chapter of the Association for Computational Linguistics: Human Language Technologies},
  eventtitleaddon = {{NAACL-HLT} 2019},
  eventdate       = {2019-06-02/2019-06-07},
  venue           = {Minneapolis, Minnesota, United States},
  volume          = {1},
  pages           = {4052--4059},
  publisher       = {Association for Computational Linguistics},
  year            = {2019},
  doi             = {10.18653/v1/n19-1409}
}
@inproceedings{HermannKGEKSB2015,
  author          = {Karl Moritz Hermann and Tomás Kociský and Edward Grefenstette and Lasse Espeholt and Will Kay and Mustafa Suleyman and Phil Blunsom},
  editor          = {Corinna Cortes and Neil D. Lawrence and Daniel D. Lee and Masashi Sugiyama and Roman Garnett},
  title           = {Teaching Machines to Read and Comprehend},
  booktitle       = {Advances in Neural Information Processing Systems 28},
  eventtitle      = {Annual Conference on Neural Information Processing Systems 2015},
  eventtitleaddon = {{NIPS} 2015},
  eventdate       = {2015-12-07/2015-12-12},
  venue           = {Montreal, Quebec, Canada},
  pages           = {1693--1701},
  year            = {2015},
  url             = {https://proceedings.neurips.cc/paper/2015/hash/afdec7005cc9f14302cd0474fd0f3c96-Abstract.html}
}
@article{InnesSFGRJKPS2018,
  author        = {Michael Innes and Elliot Saba and Keno Fischer and Dhairya Gandhi and Marco Concetto Rudilosso and Neethu Mariya Joy and Tejan Karmali and Avik Pal and Viral B. Shah},
  title         = {Fashionable Modelling with Flux},
  journal       = {CoRR},
  volume        = {abs/1811.01457},
  year          = {2018},
  archiveprefix = {arXiv},
  eprint        = {1811.01457}
}
@inproceedings{JiaoYSJCL0L2020,
  author          = {Xiaoqi Jiao and Yichun Yin and Lifeng Shang and Xin Jiang and Xiao Chen and Linlin Li and Fang Wang and Qun Liu},
  editor          = {Trevor Cohn and Yulan He and Yang Liu},
  title           = {TinyBERT: Distilling {BERT} for Natural Language Understanding},
  eventtitle      = {2020 Conference on Empirical Methods in Natural Language Processing: Findings},
  eventtitleaddon = {{EMNLP} 2020},
  eventdate       = {2020-11-16/2020-11-20},
  venue           = {Online Event},
  pages           = {4163--4174},
  publisher       = {Association for Computational Linguistics},
  year            = {2020},
  doi             = {10.18653/v1/2020.findings-emnlp.372}
}
@inproceedings{KleinKDSR2017,
  author          = {Guillaume Klein and Yoon Kim and Yuntian Deng and Jean Senellart and Alexander M. Rush},
  editor          = {Mohit Bansal and Heng Ji},
  title           = {OpenNMT: Open-Source Toolkit for Neural Machine Translation},
  eventtitle      = {55th Annual Meeting of the Association for Computational Linguistics},
  eventtitleaddon = {{ACL} 2017},
  eventdate       = {2017-30-07/2017-04-08},
  venue           = {Vancouver, Canada},
  pages           = {67--72},
  publisher       = {Association for Computational Linguistics},
  year            = {2017},
  doi             = {10.18653/v1/P17-4012}
}
@inproceedings{Lin2004,
  author     = {Chin-Yew Lin},
  title      = {{ROUGE}: a Package for Automatic Evaluation of Summaries},
  eventtitle = {Text Summarization Branches Out, Post-Conference Workshop of ACL 2004},
  eventdate  = {2004-07},
  venue      = {Barcelona, Spain},
  pages      = {74-81},
  publisher  = {Association for Computational Linguistics},
  year       = {2004},
  url        = {https://aclweb.org/anthology/W04-1013}
}
@inproceedings{LiuL2019,
  author          = {Yang Liu and Mirella Lapata},
  editor          = {Kentaro Inui and Jing Jiang and Vincent Ng and Xiaojun Wan},
  title           = {Text Summarization with Pretrained Encoders},
  eventtitle      = {2019 Conference on Empirical Methods in Natural Language Processing and 9th International Joint Conference on Natural Language Processing},
  eventtitleaddon = {{EMNLP-IJCNLP} 2019},
  eventdate       = {2019-11-03/2019-11-07},
  venue           = {Hong Kong, China},
  pages           = {3728--3738},
  publisher       = {Association for Computational Linguistics},
  year            = {2019},
  doi             = {10.18653/v1/D19-1387}
}
@inproceedings{ManningSBFBM2014,
  author          = {Christopher D. Manning and Mihai Surdeanu and John Bauer and Jenny Rose Finkel and Steven Bethard and David McClosky},
  title           = {The Stanford CoreNLP Natural Language Processing Toolkit},
  eventtitle      = {52nd Annual Meeting of the Association for Computational Linguistics},
  eventtitleaddon = {{ACL} 2014},
  eventdate       = {2014-06-22/2014-06-27},
  venue           = {Baltimore, Maryland, United States},
  pages           = {55--60},
  publisher       = {Association for Computer Linguistics},
  year            = {2014},
  doi             = {10.3115/v1/p14-5010}
}
@inproceedings{NallapatiZSGX2016,
  author          = {Ramesh Nallapati and Bowen Zhou and Cícero Nogueira dos Santos and Çaglar Gülçehre and Bing Xiang},
  editor          = {Yoav Goldberg and Stefan Riezler},
  title           = {Abstractive Text Summarization using Sequence-to-sequence RNNs and Beyond},
  eventtitle      = {20th {SIGNLL} Conference on Computational Natural Language Learning},
  eventtitleaddon = {{CoNLL} 2016},
  eventdate       = {2016-08-11/2016-08-12},
  venue           = {Berlin, Germany},
  pages           = {280--290},
  publisher       = {{ACL}},
  year            = {2016},
  doi             = {10.18653/v1/k16-1028}
}
@inproceedings{NarayanCL2018a,
  author     = {Shashi Narayan and Shay B. Cohen and Mirella Lapata},
  editor     = {Ellen Riloff and David Chiang and Julia Hockenmaier and Jun'ichi Tsujii},
  title      = {Don't Give Me the Details, Just the Summary! Topic-Aware Convolutional Neural Networks for Extreme Summarization},
  eventtitle = {2018 Conference on Empirical Methods in Natural Language Processing},
  eventdate  = {2018-10-31/2018-11-04},
  venue      = {Brussels, Belgium},
  pages      = {1797--1807},
  publisher  = {Association for Computational Linguistics},
  year       = {2018},
  doi        = {10.18653/v1/d18-1206}
}
@inproceedings{NarayanCL2018b,
  author          = {Shashi Narayan and Shay B. Cohen and Mirella Lapata},
  editor          = {Marilyn A. Walker and Heng Ji and Amanda Stent},
  title           = {Ranking Sentences for Extractive Summarization with Reinforcement Learning},
  eventtitle      = {2018 Conference of the North American Chapter of the Association for Computational Linguistics: Human Language Technologies},
  eventtitleaddon = {{NAACL-HLT} 2018},
  eventdate       = {2018-06-01/2018-06-06},
  venue           = {New Orleans, Louisiana, United States},
  volume          = {1},
  pages           = {1747--1759},
  publisher       = {Association for Computational Linguistics},
  year            = {2018},
  doi             = {10.18653/v1/n18-1158}
}
@inproceedings{PaulusXS2018,
  author          = {Romain Paulus and Caiming Xiong and Richard Socher},
  title           = {A Deep Reinforced Model for Abstractive Summarization},
  eventtitle      = {6th International Conference on Learning Representations},
  eventtitleaddon = {{ICLR} 2018},
  eventdate       = {2018-04-30/2018-05-03},
  venue           = {Vancouver, British Columbia, Canada},
  publisher       = {OpenReview},
  year            = {2018},
  url             = {https://openreview.net/forum?id=HkAClQgA-}
}
@inproceedings{PetersNIGCLZ2018,
  author          = {Matthew E. Peters and Mark Neumann and Mohit Iyyer and Matt Gardner and Christopher Clark and Kenton Lee and Luke Zettlemoyer},
  editor          = {Marilyn A. Walker and Heng Ji and Amanda Stent},
  title           = {Deep Contextualized Word Representations},
  eventtitle      = {2018 Conference of the North American Chapter of the Association for Computational Linguistics: Human Language Technologies},
  eventtitleaddon = {{NAACL-HLT} 2018},
  eventdate       = {2018-06-01/2018-06-06},
  venue           = {New Orleans, Louisiana, United States},
  pages           = {2227--2237},
  publisher       = {Association for Computational Linguistics},
  year            = {2018},
  doi             = {10.18653/v1/n18-1202}
}
@article{RadfordNSS2018,
  title  = {Improving Language Understanding by Generative Pre-Training},
  author = {Alec Radford and Karthik Narasimhan and Tim Salimans and Ilya Sutskever},
  year   = {2018}
}
@misc{Sandhaus2008,
  author       = {Evan Sandhaus},
  title        = {The New York Times Annotated Corpus},
  titleaddon   = {LDC2008T19},
  organization = {Linguistic Data Consortium},
  address      = {Philadelphia, Pennsylvania, United States},
  date         = {2008-10-17},
  doi          = {10.35111/77ba-9x74},
  isbn         = {1-58563-486-7}
}
@inproceedings{SavelievaAR2020,
  author          = {Alexandra Savelieva and Bryan Au-Yeung and Vasanth Ramani},
  editor          = {Giuseppe Di Fabbrizio and Surya Kallumadi and Utkarsh Porwal and Thrivikrama Taula},
  title           = {Abstractive Summarization of Spoken and Written Instructions with {BERT}},
  eventtitle      = {{KDD} 2020 Workshop on Conversational Systems Towards Mainstream Adoption co-located with the 26th {ACM} {SIGKDD} Conference on Knowledge Discovery and Data Mining},
  eventtitleaddon = {{SIGKDD} 2020},
  eventdate       = {2020-08-24},
  venue           = {Virtual Workshop},
  series          = {{CEUR} Workshop Proceedings},
  volume          = {2666},
  publisher       = {CEUR-WS.org},
  year            = {2020},
  url             = {http://ceur-ws.org/Vol-2666/KDD\_Converse20\_paper\_11.pdf}
}
@inproceedings{SeeLM2017,
  author          = {Abigail See and Peter J. Liu and Christopher D. Manning},
  editor          = {Regina Barzilay and Min-Yen Kan},
  title           = {Get To The Point: Summarization with Pointer-Generator Networks},
  eventtitle      = {55th Annual Meeting of the Association for Computational Linguistics},
  eventtitleaddon = {{ACL} 2017},
  eventdate       = {2017-07-30/2017-08-04},
  venue           = {Vancouver, British Columbia, Canada},
  volume          = {1},
  pages           = {1073--1083},
  publisher       = {Association for Computational Linguistics},
  year            = {2017},
  doi             = {10.18653/v1/P17-1099}
}
@inproceedings{SzegedyVISW2016,
  author          = {Christian Szegedy and Vincent Vanhoucke and Sergey Ioffe and Jonathon Shlens and Zbigniew Wojna},
  title           = {Rethinking the Inception Architecture for Computer Vision},
  eventtitle      = {2016 {IEEE} Conference on Computer Vision and Pattern Recognition},
  eventtitleaddon = {{CVPR} 2016},
  eventdate       = {2016-06-27/2016-06-30},
  venue           = {Las Vegas, Nevada, United States},
  pages           = {2818--2826},
  publisher       = {{IEEE} Computer Society},
  year            = {2016},
  doi             = {10.1109/CVPR.2016.308}
}
@book{Torres-Moreno2014,
  author    = {Juan-Manuel Torres-Moreno},
  title     = {Automatic Text Summarization},
  publisher = {Wiley},
  year      = {2014},
  isbn      = {978-1-848-21668-6}
}
@article{TurcCLT2019,
  author        = {Iulia Turc and Ming{-}Wei Chang and Kenton Lee and Kristina Toutanova},
  title         = {Well-Read Students Learn Better: The Impact of Student Initialization on Knowledge Distillation},
  journal       = {CoRR},
  volume        = {abs/1908.08962},
  year          = {2019},
  archiveprefix = {arXiv},
  eprint        = {1908.08962}
}
@inproceedings{VaswaniSPUJGKP2017,
  author          = {Ashish Vaswani and Noam Shazeer and Niki Parmar and Jakob Uszkoreit and Llion Jones and Aidan N. Gomez and Lukasz Kaiser and Illia Polosukhin},
  editor          = {Isabelle Guyon and Ulrike von Luxburg and Samy Bengio and Hanna M. Wallach and Rob Fergus and S. V. N. Vishwanathan and Roman Garnett},
  title           = {Attention is All you Need},
  booktitle       = {Advances in Neural Information Processing Systems 30},
  eventtitle      = {Annual Conference on Neural Information Processing Systems 2017},
  eventtitleaddon = {{NIPS} 2017},
  eventdate       = {2017-12-04/2017-12-09},
  venue           = {Long Beach, California, United States},
  pages           = {5998--6008},
  year            = {2017},
  url             = {https://proceedings.neurips.cc/paper/2017/hash/3f5ee243547dee91fbd053c1c4a845aa-Abstract.html}
}
@article{WuSCLNMKCGMKSJL2016,
  author        = {Yonghui Wu and Mike Schuster and Zhifeng Chen and Quoc V. Le and Mohammad Norouzi and Wolfgang Macherey and Maxim Krikun and Yuan Cao and Qin Gao and Klaus Macherey and Jeff Klingner and Apurva Shah and Melvin Johnson and Xiaobing Liu and Lukasz Kaiser and Stephan Gouws and Yoshikiyo Kato and Taku Kudo and Hideto Kazawa and Keith Stevens and George Kurian and Nishant Patil and Wei Wang and Cliff Young and Jason Smith and Jason Riesa and Alex Rudnick and Oriol Vinyals and Greg Corrado and Macduff Hughes and Jeffrey Dean},
  title         = {Google's Neural Machine Translation System: Bridging the Gap between Human and Machine Translation},
  journal       = {CoRR},
  volume        = {abs/1609.08144},
  year          = {2016},
  archiveprefix = {arXiv},
  eprint        = {1609.08144}
}
