@inproceedings{DBLP:conf/emnlp/LiuL19,
  author    = {Yang Liu and
               Mirella Lapata},
  editor    = {Kentaro Inui and
               Jing Jiang and
               Vincent Ng and
               Xiaojun Wan},
  title     = {Text Summarization with Pretrained Encoders},
  booktitle = {Proceedings of the 2019 Conference on Empirical Methods in Natural
               Language Processing and the 9th International Joint Conference on
               Natural Language Processing, {EMNLP-IJCNLP} 2019, Hong Kong, China,
               November 3-7, 2019},
  pages     = {3728--3738},
  publisher = {Association for Computational Linguistics},
  year      = {2019},
  url       = {https://doi.org/10.18653/v1/D19-1387},
  doi       = {10.18653/v1/D19-1387},
  timestamp = {Sat, 30 May 2020 20:02:28 +0200},
  biburl    = {https://dblp.org/rec/conf/emnlp/LiuL19.bib},
  bibsource = {dblp computer science bibliography, https://dblp.org}
}